<?xml version="1.0" encoding="utf-8"?>
<record xmlns="http://www.loc.gov/MARC21/slim" xmlns:xsi="http://www.w3.org/2001/XMLSchema-instance" xsi:schemaLocation="http://www.loc.gov/MARC21/slim http://www.loc.gov/standards/marcxml/schema/MARC21slim.xsd">
	<leader>
		02078nam a2200325   4500
	</leader>
	<controlfield tag="001">
		001682247
	</controlfield>
	<controlfield tag="003">
		NNU
	</controlfield>
	<controlfield tag="006">
		m        d        
	</controlfield>
	<controlfield tag="007">
		cr cn |||m|||a
	</controlfield>
	<controlfield tag="008">
		160105s1928    ua      o     000 0 ara d
	</controlfield>
	<datafield ind1=" " ind2=" " tag="040">
		<subfield code="a">
			NNU
		</subfield>
		<subfield code="b">
			eng
		</subfield>
		<subfield code="c">
			NNU
		</subfield>
	</datafield>
	<datafield ind1="1" ind2=" " tag="100">
		<subfield code="a">
			Sarkīs, Yūsuf Ilyān,
		</subfield>
		<subfield code="d">
			1856-1932 or 3.
		</subfield>
	</datafield>
	<datafield ind1="1" ind2="0" tag="245">
		<subfield code="a">
			Muʻjam al-maṭbūʻāt al-ʻArabīyah wa-al-muʻarrabah
		</subfield>
		<subfield code="h">
			[electronic resource] :
		</subfield>
		<subfield code="b">
			wa-huwa shāmil li-asmāʼ al-kutub al-maṭbūʻah fī al-aqṭār al-sharqīyah wa-al-gharbīyah, maʻa dhikr asmāʼ muʼallifīhā wa-lumʻah min tarjamatihim wa-dhālika min yawm ẓuhūr al-ṭibāʻah ilʹa nihāyat al-sanah al-Hijrīyah 1339 al-muwāfiqah li-sanat 1919 Mīlādīyah
		</subfield>
		<subfield code="c">
			jamaʻahu wa-rattabahu Yūsuf Ilyān Sarkīs.
		</subfield>
	</datafield>
	<datafield ind1=" " ind2=" " tag="260">
		<subfield code="a">
			Miṣr :
		</subfield>
		<subfield code="b">
			Maṭbaʻat Sarkīs,
		</subfield>
		<subfield code="c">
			1928.
		</subfield>
	</datafield>
	<datafield ind1=" " ind2=" " tag="300">
		<subfield code="a">
			online resource (4 p., 2024 columns, 152, 18 p.)
		</subfield>
	</datafield>
	<datafield ind1=" " ind2=" " tag="500">
		<subfield code="a">
			In Arabic.
		</subfield>
	</datafield>
	<datafield ind1=" " ind2=" " tag="500">
		<subfield code="a">
			Cover title: Dictionnaire encyclopédique arabe, comprenant 1 ̊le nom de ious les ouvrages imprimés, tant en Orient qu'en Occident et en Amérique, depuis la création de l'imprimerie jusqu'à 1919 inclusivement; 2 ̊une biographie succinte de la plupart des auteurs anciens et modernes; 3 ̊les sources des notes biographiques.
		</subfield>
	</datafield>
	<datafield ind1=" " ind2=" " tag="500">
		<subfield code="a">
			Continued by author's [non-roman characters].
		</subfield>
	</datafield>
	<datafield ind1=" " ind2=" " tag="500">
		<subfield code="a">
			Issued in 11 parts, 1928-30.
		</subfield>
	</datafield>
	<datafield ind1=" " ind2=" " tag="500">
		<subfield code="a">
			Added t.p. in English.
		</subfield>
	</datafield>
	<datafield ind1=" " ind2=" " tag="500">
		<subfield code="a">
			Part of the Arabic Collections Online (ACO) project, contributed by New York Univeristy Libraries.
		</subfield>
	</datafield>
	<datafield ind1=" " ind2=" " tag="533">
		<subfield code="a">
			Electronic reproduction.
		</subfield>
		<subfield code="b">
			New York, N.Y. :
		</subfield>
		<subfield code="c">
			New York University,
		</subfield>
		<subfield code="d">
			2016.
		</subfield>
		<subfield code="5">
			NNU
		</subfield>
	</datafield>
	<datafield ind1=" " ind2="0" tag="650">
		<subfield code="a">
			Arabic literature
		</subfield>
		<subfield code="v">
			Bio-bibliography.
		</subfield>
	</datafield>
	<datafield ind1="2" ind2=" " tag="710">
		<subfield code="a">
			New York University.
		</subfield>
		<subfield code="b">
			Libraries.
		</subfield>
	</datafield>
	<datafield ind1="0" ind2=" " tag="730">
		<subfield code="a">
			Arabic Collections Online.
		</subfield>
	</datafield>
	<datafield ind1="0" ind2=" " tag="740">
		<subfield code="a">
			Dictionnaire encyclopédique de bibliographie arabe.
		</subfield>
	</datafield>
	<datafield ind1="0" ind2="8" tag="776">
		<subfield code="i">
			Print version:
		</subfield>
		<subfield code="a">
			Sarkīs, Yūsuf Ilyān, 1856-1932 or 3.
		</subfield>
		<subfield code="t">
			Muʻjam al-maṭbūʻāt al-ʻArabīyah wa-al-muʻarrabah
		</subfield>
		<subfield code="w">
			(NNU)001682247
		</subfield>
	</datafield>
	<datafield ind1="4" ind2="0" tag="856">
		<subfield code="u">
			http://hdl.handle.net/2333.1/hx3fffj8
		</subfield>
	</datafield>
	<datafield ind1=" " ind2=" " tag="959">
		<subfield code="a">
			NNU
		</subfield>
		<subfield code="b">
			WEB
		</subfield>
		<subfield code="c">
			GENI
		</subfield>
		<subfield code="t">
			0
		</subfield>
		<subfield code="m">
			Electronic access
		</subfield>
		<subfield code="s">
			01
		</subfield>
	</datafield>
	<datafield ind1=" " ind2=" " tag="999">
		<subfield code="i">
			NNU_001682247
		</subfield>
		<subfield code="s">
			nyu_aco001590
		</subfield>
		<subfield code="e">
			(ERROR-880)
		</subfield>
	</datafield>
</record>
